
@misc{bib01:BA:Online,
	author = {Ashley Ohmann},
	title = {Creating Data Stories with Tableau Public},
	year = {2015},
	howpublished = {Recuperado de: {http://www.allitebooks.com/creating-data-stories-with-tableau-public/}},
	note = {Accedido 07-04-2019}
}

@misc{bib02:BA:Online,
	author = {Lorna Keane},
	title = {10 Examples of Brand Storytelling (with Data) that Hit the Mark},
	year = {2018},
	howpublished = {Recuperado de: {https://blog.globalwebindex.com/marketing/brand-storytelling/}},
	note = {Accedido 08-04-2019}
}







